@article{MeriaudeauS15,
  author    = {Fabrice M{\'{e}}riaudeau and
               Amir Malik Saeed},
  title     = {Special Section Guest Editorial: Special Section on Quality Control
               by Artificial Vision: Nonconventional Imaging Systems},
  journal   = {J. Electronic Imaging},
  volume    = {24},
  number    = {6},
  pages     = {061101},
  year      = {2015}
}

@misc{delgado2016exposicion,
  author = {Felipe Delgado},
  title = {\textit{Piñera es el presidenciable con más exposición en la prensa según investigación Usach }},
  year = {2016},
  howpublished = {Recuperado el Martes 29 de Julio de 2016, de \url{http://www.biobiochile.cl/noticias/nacional/politica/2016/06/20/pinera-es-el-presidenciable-con-mas-exposicion-en-la-prensa-segun-investigacion} \url{-usach.shtml}}
}
%
@article{metropolis1987,
    author    = {N. Metropolis},
	journal = {Los Alamos Science Special Issue},
	number = {6A},
	pages = {125--130},
	title = {{The Beginning of the Monte Carlo Method}},
	url = {https://library.lanl.gov/cgi-bin/getfile?00326866.pdf},
	volume = {5},
	year = {1987},
}
@article{delmoral1997,
	author = {Del Moral, Pierre},
	doi = {10.1016/s0764-4442(97)84778-7},
	journal = {Comptes Rendus de l'Académie des Sciences - Series I - Mathematics},
	number = {6},
	pages = {653--658},
	title = {{Nonlinear filtering: Interacting particle resolution}},
	volume = {325},
	year = {1997},
}
@article{delmoral1998,
	author = {Del Moral, P.},
	doi = {10.1214/aoap/1028903535},
	journal = {The Annals of Applied Probability},
	number = {2},
	title = {{Measure-valued processes and interacting particle systems. Application to nonlinear filtering problems}},
	volume = {8},
	year = {1998},
}
@article{crisan1998,
	author = {Crisan, Dan and Gaines, Jessica and Lyons, Terry},
	doi = {10.1137/s0036139996307371},
	journal = {SIAM Journal on Applied Mathematics},
	number = {5},
	pages = {1568--1590},
	title = {{Convergence of a Branching Particle Method to the Solution of the Zakai Equation}},
	volume = {58},
	year = {1998},
}
@article{delmoral2001,
	author = {Del Moral, P},
	doi = {10.1016/s0246-0203(00)01064-5},
	journal = {Annales de l'Institut Henri Poincare (B) Probability and Statistics},
	number = {2},
	pages = {155--194},
	title = {{On the stability of interacting processes with applications to filtering and genetica algorithms}},
	volume = {37},
	year = {2001},
}
@book{kalos2008,
	author = {Kalos, Malvin and Whitlock, Paula},
	edition = {2},
	publisher = {Wiley-VCH},
	title = {{Monte Carlo Methods}},
	year = {2008},
}
@article{sawilowsky2003,
	author = {Sawilowsky, Shlomo S.},
	doi = {10.22237/jmasm/1051748460},
	journal = {Journal of Modern Applied Statistical Methods},
	number = {1},
	pages = {218--225},
	title = {{You Think You’ve Got Trivials?}},
	volume = {2},
	year = {2003},
}
@book{dekking2005,
	author = {Dekking, F and Kraaikamp, C. and Lopuhaä, H and Meester, L},
	edition = {1st},
	publisher = {Springer},
	title = {{A Modern Introduction to Probability and Statistics: Understanding Why and How (Springer Texts in Statistics)}},
	year = {2005},
}
@article{cohen2015,
	author = {Cohen, Joel E.},
	doi = {10.1080/00031305.2014.975842},
	journal = {The American Statistician},
	number = {1},
	pages = {5--7},
	title = {{Markov's Inequality and Chebyshev's Inequality for Tail Probabilities: A Sharper Image}},
	volume = {69},
	year = {2015},
}
@book{rubinstein2007,
	author = {Rubinstein, Reuven and Kroese, Dirk},
	edition = {2},
	publisher = {Wiley-Interscience},
	title = {{Simulation and the Monte Carlo Method}},
	year = {2007},
}
@book{negoita1987,
	author = {Negoita, V, C.},
	edition = {First Edition},
	publisher = {Van Nostrand Reinhold},
	title = {{Simulation, knowledge-based computing, and fuzzy statistics (Van Nostrand Reinhold electrical/computer science and engineering series)}},
	year = {1987},
}
@book{fischer2010,
	author = {Fischer, Hans},
	edition = {2011},
	publisher = {Springer},
	title = {{A History of the Central Limit Theorem: From Classical to Modern Probability Theory (Sources and Studies in the History of Mathematics and Physical Sciences)}},
	year = {2010},
}
@article{gonzalez2010,
	author = {Gonzalez, Jacobo Cal},
	edition = {2010},
	title = {{Aplicación de Simulaciones Monte Carlo para el análisis de información CT y su uso en PET y Dosimetría}},
	pages="45--46",
	year = {2010},
}
@article{johansen2007,
	author = {Johansen, Adam M. and Ever, Ludgen},
	edition = {2007},
	title = {{Monte Carlo Methods}},
	pages="5--6",
	year = {2007},
}
@article{vargas2020,
	author = {Vargas, J. C. and Cruz-Carpio, C. A., Ludgen},
	edition = {2020},
	title = {{ESTUDIO DEL METODO MONTE CARLO EN SIMULACIONES PARA LA ESTIMACION DEL VALOR DE π}},
	pages="29",
	year = {2020},
}
@article{wu1998inh,
	author = {Wu, Guang},
	doi = {10.1007/s002040050510},
	journal = {Archives of Toxicology},
	number = {6},
	pages = {330--335},
	title = {{Application of the queueing theory with Monte Carlo simulation to inhalation toxicology}},
	volume = {72},
	year = {1998},
}
@article{wu1998eth,
	author = {Wu, Guan},
	doi = {10.1093/alcalc/33.5.519},
	journal = {Alcohol and Alcoholism},
	number = {5},
	pages = {519--527},
	title = {{APPLICATION OF QUEUEING THEORY WITH MONTE CARLO SIMULATION TO THE STUDY OF THE INTAKE AND ADVERSE EFFECTS OF ETHANOL}},
	volume = {33},
	year = {1998},
}
@INPROCEEDINGS{yin2010,
  author={Yin, Chao},
  booktitle={2010 The 2nd Conference on Environmental Science and Information Application Technology}, 
  title={Simulation of the queue system in ticket business based on Monte Carlo method}, 
  year={2010},
  volume={3},
  number={},
  pages={141-144},
  doi={10.1109/ESIAT.2010.5568979}
}
@article{terrazas2010,
author = { Terrazas Pastor, Rafael},
title = { APLICACIÓN DE LA SIMULACIÓN A UN SISTEMA DE COLAS DE CANAL SIMPLE },
year = { 2010 },
journal = { PERSPECTIVAS },
issn = { 1994-3733 },
language = {Español},
url = {https://www.redalyc.org/articulo.oa?id=425941230005 }
}
@article{wang2014,
	author = {Wang, Yibing and Guo, Jingqiu and Ceder, Avishai (Avi) and Currie, Graham and Dong, Wei and Yuan, Hao},
	doi = {10.1016/j.trb.2014.02.004},
	journal = {Transportation Research Part B: Methodological},
	pages = {53--76},
	title = {{Waiting for public transport services: Queueing analysis with balking and reneging behaviors of impatient passengers}},
	volume = {63},
	year = {2014},
}
@book{haro2021,
	author = {Haro, Christophe},
	edition = {2021},
	publisher = {ENI Ediciones},
	title = {{Algoritmia - Razonar para crear}},
	year = {2021},
}
@misc{queueit2021,
	author = {{Queue-it}},
	month = {11},
	title = {{Queuing theory: Definition, history & real-life applications}},
	url = {https://queue-it.com/blog/queuing-theory/},
	year = {2021},
}
@misc{hlynka2017,
	author = {Hlynka, M},
	month = {12},
	title = {{Queueing Theory History}},
	url = {https://web2.uwindsor.ca/math/hlynka/qhist.html},
	year = {2017},
}
@article{mandelbaum2009,
	author = {Mandelbaum, Marvin and Hlynka, Myron},
	doi = {10.3138/infor.47.4.335},
	journal = {INFOR: Information Systems and Operational Research},
	number = {4},
	pages = {335--353},
	title = {{History of Queueing Theory in Canada Prior to 1980}},
	volume = {47},
	year = {2009},
}
@book{shortle2018,
	address = {Hoboken, NJ, United States},
	author = {Shortle, John and Thompson, James and Gross, Donald and Harris, Carl},
	publisher = {Wiley},
	title = {{Fundamentals of Queueing Theory}},
	year = {2018},
}

@online{unknownauthor2021,
	date = {2021-06-05},
	language = {english},
	title = {Tackling Queued Jobs With Queueing Theory - Part 1},
	url = {https://community.alteryx.com/t5/Engine-Works/Tackling-Queued-Jobs-With-Queueing-Theory-Part-1/ba-p/475036},
	urldate = {2021-09-05},
}

@Inbook{kendall,
editor="Gass, Saul I.
and Fu, Michael C.",
title="Kendall's Notation",
bookTitle="Encyclopedia of Operations Research and Management Science",
year="2013",
publisher="Springer US",
address="Boston, MA",
pages="834--834",
isbn="978-1-4419-1153-7",
doi="10.1007/978-1-4419-1153-7_200360",
url="https://doi.org/10.1007/978-1-4419-1153-7_200360"
}

@misc{johndclittle2008,
	author = {John D.C. Little , J. L. and Stephen C. Graves, A. G.},
	title = {{}},
	url = {http://web.eng.ucsd.edu/~massimo/ECE158A/Handouts_files/Little.pdf},
	year = {2008},
}